@inproceedings{confbib1,
  title={Analysis of dynamics in the distributed model of glycolysis},
  author={Bashkirtseva, Irina and Pankratov, Alexander and Ryashko, Lev},
  booktitle={AIP Conference Proceedings},
  volume={2015},
  number={1},
  pages={020007},
  year={2018},
  organization={AIP Publishing LLC},
  language = {english},
  authorscopus = {true}
}
@inproceedings{confbib2,
  title={Transient processes and patterns in the stochastic model of glycolysis},
  author={Pankratov, Alexander A and Bashkirtseva, Irina A},
  booktitle={AIP Conference Proceedings},
  volume={2174},
  number={1},
  year={2019},
  organization={AIP Publishing},
  language = {english},
  authorscopus = {true}
}

@ARTICLE{bib1,
  title={Stochastic Higgins model with diffusion: pattern formation, multistability and noise-induced preference},
  author={Bashkirtseva, Irina and Pankratov, Alexander},
  journal={The European Physical Journal B},
  volume={92},
  pages={1--9},
  year={2019},
  publisher={Springer},
  language = {english},
  authorscopus = {true}
}

@inproceedings{confbib3,
  title={Spatial self-organization in diffusion model of glycolysis},
  author={Pankratov, Alexander and Bashkirtseva, Irina},
  booktitle={AIP Conference Proceedings},
  volume={2313},
  number={1},
  pages={080023},
  year={2020},
  organization={AIP Publishing LLC},
  language = {english},
  authorscopus = {true}
}

@ARTICLE{bib2,
  title={Suppression of self-oscillations and formation of heterogeneous structures by diffusion in the non-linear glycolytic model},
  author={Bashkirtseva, Irina and Pankratov, Alexander},
  journal={The European Physical Journal Special Topics},
  volume={229},
  pages={3033--3042},
  year={2020},
  publisher={Springer},
  language = {english},
  authorscopus = {true}
}

@inproceedings{confbib4,
  title={Stochastic effects in pattern generation processes for the Selkov glycolytic model with diffusion},
  author={Pankratov, Alexander and Bashkirtseva, Irina},
  booktitle={AIP Conference Proceedings},
  volume={2466},
  number={1},
  pages={090018},
  year={2022},
  organization={AIP Publishing LLC},
  language = {english},
  authorscopus = {true}
}

@ARTICLE{bib3,
  title={Noise-induced formation of heterogeneous patterns in the Turing stability zones of diffusion systems},
  author={Bashkirtseva, Irina and Pankratov, Alexander and Ryashko, Lev},
  journal={Journal of Physics: Condensed Matter},
  volume={34},
  number={44},
  pages={444001},
  year={2022},
  publisher={IOP Publishing},
  language = {english},
  authorscopus = {true}
}

@ARTICLE{bib4,
  title={Selkov glycolytic model with diffusion: Patterns, multistability, and stochastic transitions},
  author={Bashkirtseva, Irina and Pankratov, Alexander},
  journal={Mathematical Methods in the Applied Sciences},
  volume={45},
  number={13},
  pages={8142--8150},
  year={2022},
  publisher={Wiley Online Library},
  language = {english},
  authorscopus = {true}
}

@ARTICLE{bib5,
  title={Quantitative analysis of pattern formation in a multistable model of glycolysis with diffusion},
  author={Bashkirtseva, Irina and Pankratov, Alexander and Ryashko, Lev},
  journal={Physica D: Nonlinear Phenomena},
  volume={455},
  pages={133890},
  year={2023},
  publisher={Elsevier},
  language = {english},
  authorscopus = {true}
}

