@title{progbib1,
  title = {Свидетельство о гос. регистрации программы для {ЭВМ} 2022616153. Моделирование процессов гликолиза в системах с диффузией / Панкратов А.А. и Башкирцева И.А. - Заявка 2022615398. Дата поступления 31 марта 2022 г. Зарегистрировано в Реестре программ для ЭВМ 5 мая 2022 г.},
  language = {russian},
  authorprogram = {true},
  media = null
}

@Patent{progbib2,
  title = {Свидетельство о гос. регистрации программы для {ЭВМ} №2023660695. Численное моделирование, статистический анализ и визуализация переходных процессов в системах дифференциальных уравнений с диффузией / Панкратов А.А. и Башкирцева И.А. - Заявка №2023619805. Дата поступления 18 мая 2023 г. Зарегистрировано в Реестре программ для ЭВМ 24 мая 2023 г.},
  language = {russian},
  authorprogram = {true},
  media = null
}